<?xml version="1.0" encoding="UTF-8"?><collection xmlns="http://www.loc.gov/MARC21/slim"><record><leader>00443nam--2200145-i-4500</leader><controlfield tag="001">000013022</controlfield><controlfield tag="002">20161230</controlfield><controlfield tag="005">20170219233955</controlfield><controlfield tag="008">060222s1000------------r-----000-0-eng-d</controlfield><datafield ind1=" " ind2=" " tag="245"><subfield code="a">Course on plasma diagnostics and data acquisition systems. Varenna-Villa Monastero- Italy, sept., 3-11, 1975</subfield></datafield><datafield ind1=" " ind2=" " tag="260"><subfield code="a">Bologna</subfield><subfield code="b">Editrice Compositori</subfield><subfield code="c">1975</subfield></datafield><datafield ind1=" " ind2=" " tag="300"><subfield code="a">452 p</subfield></datafield><datafield ind1=" " ind2=" " tag="700"><subfield code="a">Sindoni, E</subfield></datafield><datafield ind1=" " ind2=" " tag="852"><subfield code="a">533.95(075.9)</subfield></datafield><datafield ind1=" " ind2=" " tag="CAT"><subfield code="a">SYS</subfield><subfield code="c">20170219</subfield><subfield code="h">233955</subfield></datafield></record></collection>